@article{broadie2006exact,
  title={{Exact simulation of stochastic volatility and other affine jump diffusion processes}},
  author={Broadie, M. and Kaya, O.},
  journal={Operations Research},
  volume={54},
  number={2},
  pages={217--231},
  year={2006},
  publisher={INFORMS}
}


@Article{20233407,
AUTHOR = {Tolle, Dominic and Le Novere, Nicolas},
TITLE = {Brownian diffusion of AMPA receptors is sufficient to explain fast onset of LTP},
JOURNAL = {BMC Systems Biology},
VOLUME = {4},
YEAR = {2010},
NUMBER = {1},
PAGES = {25},
URL = {http://www.biomedcentral.com/1752-0509/4/25},
DOI = {10.1186/1752-0509-4-25},
PubMedID = {20233407},
ISSN = {1752-0509}
}

@conference{hermerschmidt2007holographic,
  title={{Holographic optical tweezers with real-time hologram calculation using a phase-only modulating LCOS-based SL at 1064 nm}},
  author={Hermerschmidt, A. and Kruger, S. and Haist, T. and Zwick, S. and Warber, M. and Osten, W.},
  booktitle={Society of Photo-Optical Instrumentation Engineers (SPIE) Conference Series},
  volume={6905},
  pages={7},
  year={2007}
}


@ARTICLE{Banerjee:2010:ieee, 
author={Banerjee, A.G. and Pomerance, A. and Losert, W. and Gupta, S.K.}, 
journal={Automation Science and Engineering, IEEE Transactions on}, title={Developing a Stochastic Dynamic Programming Framework for Optical Tweezer-Based Automated Particle Transport Operations}, 
year={2010}, 
month={april }, 
volume={7}, 
number={2}, 
pages={218 -227}, 
keywords={holographic tweezer set-up;infinite-horizon partially observable Markov decision process algorithm;motion planning framework;optical tweezer-based automated particle transport operations;optical tweezers;silica beads;stochastic dynamic programming framework;Markov processes;holography;radiation pressure;stochastic programming;}, 
doi={10.1109/TASE.2009.2026056}, 
ISSN={1545-5955}
}

@article{masuda2006computer,
  title={{Computer generated holography using a graphics processing unit}},
  author={Masuda, N. and Ito, T. and Tanaka, T. and Shiraki, A. and Sugie, T.},
  journal={Opt. Express},
  volume={14},
  number={2},
  pages={603--608},
  year={2006}
}



@article{haist2006using,
  title={{Using graphics boards to compute holograms}},
  author={Haist, T. and Reicherter, M. and Wu, M. and Seifert, L.},
  journal={Computing in Science \& Engineering},
  volume={8},
  number={1},
  pages={8--13},
  year={2006}
}



@conference{reicherter:59301Y,
author = {M. Reicherter and T. Haist and S. Zwick and A. Burla and L. Seifert and W. Osten},
editor = {Kishan Dholakia and Gabriel C. Spalding},
collaboration = {},
title = {Fast hologram computation and aberration control for holographic tweezers},
publisher = {SPIE},
year = {2005},
journal = {Optical Trapping and Optical Micromanipulation II},
volume = {5930},
number = {1},
eid = {59301Y},
numpages = {9},
pages = {59301Y},
location = {San Diego, CA, USA},
url = {http://link.aip.org/link/?PSI/5930/59301Y/1},
doi = {10.1117/12.617040}
}





@article{grassia2001dissipation,
  title={{Dissipation, fluctuations, and conservation laws}},
  author={Grassia, P.},
  journal={American Journal of Physics},
  volume={69},
  pages={113},
  year={2001}
}


@article{langevin1908brownianmotion,
  title={On the Theory of Brownian Motion},
  author={Langevin, Paul},
  year={1908},
  volume={146},
  pages={530--533},
  journal={C. R. Acad. Sci.}
}


@book{weissbluth1989photon,
  title={{Photon-atom interactions}},
  author={Weissbluth, M.},
  year={1989},
  publisher={Academic Press San Diego, CA}
}

@article{jameson1981numerical,
  title={{Numerical solutions of the Euler equations by finite volume methods using Runge-Kutta time-stepping schemes}},
  author={Jameson, A. and Schmidt, W. and Turkel, E.},
  journal={AIAA paper},
  volume={1259},
  pages={1981},
  year={1981}
}



@book{allen1990computer,
  title={{Computer simulation of liquids}},
  author={Allen, MP and Tildesley, DJ},
  year={1990},
  publisher={Oxford University Press, USA}
}



@article{verlet1968computer,
  title={{Computer experiments on classical fluids. ii. equilibrium correlation functions}},
  author={Verlet, L.},
  journal={Phys. Rev},
  volume={165},
  number={1},
  pages={201--14},
  year={1968},
  publisher={APS}
}



@article{balijepalli2010stochastic,
  title={{Stochastic Simulations With Graphics Hardware: Characterization of Accuracy and Performance}},
  author={Balijepalli, A. and LeBrun, T.W. and Gupta, S.K.},
  journal={Journal of Computing and Information Science in Engineering},
  volume={10},
  pages={011010},
  year={2010}
}



@article{girault1979finite,
  title={{Finite element approximation of the Navier-Stokes equations}},
  author={Girault, V. and Raviart, P.A.},
  journal={Lecture Notes in Mathematics, Berlin Springer Verlag},
  volume={749},
  year={1979}
}


@book{gardiner1985handbook,
  title={{Handbook of stochastic methods}},
  author={Gardiner, C.W.},
  year={1985},
  publisher={Springer Berlin}
}


@article{wright1994parametric,
  title={{Parametric study of the forces on microspheres held by optical tweezers}},
  author={Wright, W.H. and Sonek, GJ and Berns, MW},
  journal={Applied Optics},
  volume={33},
  number={9},
  pages={1735--1748},
  year={1994},
  publisher={OSA}
}

@book{Bhus04,
editor = "B. Bhushan",
title = "Springer Handbook of Nanotechnology",
publisher = "Springer-Verlag",
address = "New York, NY",
year = "2004"
}

@book{Niem04,
editor = {C.M. Niemeyer and C. A. Mirkin},
title = {Nanobiotechnology: Concepts, Applications and Perspectives},
publisher = {Wiley-VCH},
year = {2004},
address = {Germany}
}

@book{Wils02,
author = "M. Wilson and K. Kannangara and G. Smith and M. Simmons and B. Raquse",
title = "Nanotechnology: Basic Science and Emerging Technologies",
publisher = "Chapman and Hall/CRC",
address = "Boca Raton, FL",
year = "2002"
}

@book{Ratn02,
author = "M.A. Ratner and D. Ratner",
title = "Nanotechnology: A Gentle Introduction to the Next Big Idea",
publisher = "Prentice Hall",
address = "Upper Saddle River, NJ",
year = "2002"
}

 

@article{Requ06,
author = "A. Requicha and D. Arbuckle",
title = "{CAD/CAM} for nanoscale self-assembly",
journal = "{IEEE Computer Graphics and Applications}",
volume = "26(2)",
pages = "88 -- 91",
year = "2006"
}

 
@InProceedings{JEH01,
  author =             "Bruno Jobard and Gordon Erlebacher and M. Yousuff Hussaini",
  title =  "Lagrangian-Eulerian advection for unsteady flow visualization",
  pages =              "53--60",
  booktitle =        "Proceedings of the Conference on Visualization 2001 ({VIS}-01)",
  editor =              "Thomas Ertl and Ken Joy and Amitabh Varshney",
  month =             oct # " ~21--26",
  publisher =       "IEEE Computer Society",
  address =          "Piscataway, NJ",
  year =                 "2001"
}

@Article{KW03,
  author =             "Jens Kr{\"u}ger and R{\"u}diger Westermann",
  title =  "Linear algebra operators for {GPU} implementation of numerical algorithms",
  journal =            "ACM Transactions on Graphics",
  volume =           "22",
  number =          "3",
  pages =              "908--916",
  month =             jul,
  year =                 "2003"
}

 

@Article{LFWK05,
  author =             "Xiaoming Wei and Ye Zhao and Zhe Fan and Wei Li and Feng Qiu and Suzanne Yoakum-Stover and Arie E. Kaufman",
  title =  "Lattice-Based Flow Field Modeling",
  journal =            "IEEE Transactions on Visualization and Computer Graphics",
  volume =           "10",
  number =          "6",
  pages =              "719--729",
  year =                 "2004"
}

 

@InProceedings{LLW04,
  title =  "Real-Time 3{D} Fluid Simulation on {GPU} with Complex Obstacles",
  author =             "Youquan Liu and Xuehui Liu and Enhua Wu",
  publisher =       "IEEE Computer Society",
  year =                 "2004",
  bibdate =           "2004-11-09",
  booktitle =        "Pacific Conference on Computer Graphics and Applications",
  ISBN =                 "0-7695-2234-3",
  pages =              "247--256"
}

 

@Article{LWK03,
  title =  "Implementing lattice Boltzmann computation on graphics hardware",
  author =             "Wei Li and Xiaoming Wei and Arie E. Kaufman",
  journal =            "The Visual Computer",
  year =                 "2003",
  number =          "7-8",
  volume =           "19",
  pages =              "444--456"
}

 

@InProceedings{WHE01,
  author =  "D. Weiskopf and M. Hopf and T. Ertl",
  title =  "Hardware-Accelerated Visualization of Time-Varying 2-{D} and 3-{D} Vector Fields by Texture Advection via Programmable Per-Pixel Operations",
  booktitle =        "Vision, Modeling, and Visualization",
  pages = {439--446},
  year =                 "2001"
}

 

 @article{Owens:2007:ASO,
  author = {John D. Owens and David Luebke and Naga Govindaraju
                  and Mark Harris and Jens Kr\"{u}ger and Aaron E.
                  Lefohn and Tim Purcell},
  title = {A Survey of General-Purpose Computation on Graphics
                  Hardware},
  journal = {Computer Graphics Forum},
  year = 2007,
  volume = 26,
  number = 1,
  month = mar,
  pages = {80--113},
  url = {http://graphics.idav.ucdavis.edu/publications/print_pub?pub_id=907},
  doi = {10.1111/j.1467-8659.2007.01012.x},
  ucdcite = {a30}
}

@InBook{STM04,
  author = {P. Sander and N. Tatarchuk and J. L. Mitchell},
  title =  {Explicit Early-Z Culling for Efficient Fluid Flow Simulation and Rendering},
  booktitle = {Shader {X5}: {A}dvanced {R}endering with {D}irect{X} and {O}pen{GL}},
  publisher = {Charles River Media},
  year =      {2004}
}

@InBook{James:2001:operations,
  author =    {James, G.},
  booktitle =        {Game Programming Gems 2},
  title =      {Operations for hardware-accelerated procedural texture animation},
  publisher =    {Charles River Media},
  year =         {2001},
  pages =     {497--509}
}

@inproceedings{Bolz:2003:sparse,
 author = {Bolz, Jeff and Farmer, Ian and Grinspun, Eitan and Schr\"{o}oder, Peter},
 title = {Sparse matrix solvers on the {GPU}: conjugate gradients and multigrid},
 booktitle = {SIGGRAPH '03: ACM SIGGRAPH 2003 Papers},
 year = {2003},
 isbn = {1-58113-709-5},
 pages = {917--924},
 location = {San Diego, California},
 doi = {http://doi.acm.org/10.1145/1201775.882364},
 publisher = {ACM},
 address = {New York, NY, USA}
 }

@inproceedings{Harris:2005:fast-fluid,
 author = {Harris, Mark},
 title = {Fast fluid dynamics simulation on the {GPU}},
 booktitle = {SIGGRAPH '05: ACM SIGGRAPH 2005 Courses},
 year = {2005},
 pages = {220},
 location = {Los Angeles, California},
 doi = {http://doi.acm.org/10.1145/1198555.1198790},
 publisher = {ACM},
 address = {New York, NY, USA}
 }

@inproceedings{Hagen:2006:euler,
author = {Hagen, Trond Runar and Lie, Knut-Andreas and Natvig, Jostein R.},
title = {Solving the {E}uler Equations on Graphics Processing Units.},
booktitle = {International Conference on Computational Science (4)},
year = {2006},
pages = {220-227},
ee = {http://dx.doi.org/10.1007/11758549_34},
bibsource = {DBLP, http://dblp.uni-trier.de}
}

@inproceedings{Heidrich:1999:pixel-textures,
 author = {Heidrich, Wolfgang and Westermann, R{\"u}diger and Seidel, Hans-Peter and Ertl, Thomas},
 title = {Applications of pixel textures in visualization and realistic image synthesis},
 booktitle = {I3D '99: Proceedings of the 1999 symposium on Interactive 3D graphics},
 year = {1999},
 isbn = {1-58113-082-1},
 pages = {127--134},
 location = {Atlanta, Georgia, United States},
 doi = {http://doi.acm.org/10.1145/300523.300538},
 publisher = {ACM},
 address = {New York, NY, USA}
 }

@article{Juba:2008:PSMM,
author = "Derek Juba and Amitabh Varshney",
title = "Parallel Stochastic Measurement of Molecular Surface Area",
journal = "Journal of Molecular Graphics and Modelling",
month = "August",
year = "2008",
volume = "27 No. 1",
pages = "82 -- 87"
}

% Talks about using overhead images to estimate position/orientation/size of nanowires
@article{peng2009algorithms,
  title={{Algorithms for Extraction of Nanowire Lengths and Positions From Optical Section Microscopy Image Sequence}},
  author={Peng, T. and Balijepalli, A. and Gupta, S.K. and LeBrun, T.W.},
  journal={Journal of Computing and Information Science in Engineering},
  volume={9},
  pages={041007},
  year={2009}
}

% CPU-based trapping probability paper that we are extending
@article{banerjee2009generating,
  title={{Generating Simplified Trapping Probability Models From Simulation of Optical Tweezers System}},
  author={Banerjee, A.G. and Balijepalli, A. and Gupta, S.K. and LeBrun, T.W.},
  journal={Journal of Computing and Information Science in Engineering},
  volume={9},
  pages={021003},
  year={2009}
}

% Ashis Banerjee's thesis

% Ashkin's model, more in-depth talk on geometric ray optics model
@article{ashkin1986observation, 
  title={{Observation of a single-beam gradient force optical trap for dielectric particles}},
  author={Ashkin, A. and Dziedzic, JM and Bjorkholm, JE and Chu, S.},
  journal={Optics letters},
  volume={11},
  number={5},
  pages={288},
  year={1986},
  publisher={OSA}
}

% Ashkin's model, the original paper
@article{ashkin1970acceleration,
  title={{Acceleration and trapping of particles by radiation pressure}},
  author={Ashkin, A.},
  journal={Physical Review Letters},
  volume={24},
  number={4},
  pages={156--159},
  year={1970},
  publisher={APS}
}

@article{Meel:2008:MDGPU,
author = {J.A. van Meel and A. Arnold and D. Frenkel and S. Portegies Zwart and R. Belleman},
title = {Harvesting graphics power for {MD} simulations},
journal = {Molecular Simulation},
volume = {34},
issue = {3},
year = {2008},
month = {March},
pages = {259--266}
}


@book{Hines:2003,
    abstract = {{This book retains the pedagogical strengths that made the previous editions so
popular, including the use of real data in the examples. Topics include
nonparametric statistics, a section on p-values in hypothetical testing,
coverage of residual analysis, and more material on quality control and
experiment design. Provides chapter introductions, including interesting
historical information}},
    author = {Hines, William W. and Montgomery, Douglas C. and Goldsman, David M. and Borror, Connie M.},
    day = {02},
    edition = {4},
    howpublished = {Hardcover},
    isbn = {0471240877},
    keywords = {probability, statistics},
    month = jan,
    posted-at = {2009-07-29 14:18:17},
    priority = {2},
    publisher = {Wiley},
    title = {{Probability and Statistics in Engineering}},
    year = {2003}
}
